<?xml version="1.0" encoding="UTF-8"?><collection xmlns="http://www.loc.gov/MARC21/slim"><record><leader>00315nam--2200121-i-4500</leader><controlfield tag="001">000004680</controlfield><controlfield tag="002">20161230</controlfield><controlfield tag="005">20161230201026</controlfield><controlfield tag="008">060222s1000------------r-----000-0-eng-d</controlfield><datafield ind1=" " ind2=" " tag="245"><subfield code="a">Corrosion and wear handbook for water-cooled reactors</subfield></datafield><datafield ind1=" " ind2=" " tag="260"><subfield code="a">New York, Mcgraw-hill, 1957</subfield></datafield><datafield ind1=" " ind2=" " tag="490"><subfield code="a">Ix+293p</subfield></datafield><datafield ind1=" " ind2=" " tag="700"><subfield code="a">Depaul, D.J</subfield></datafield></record></collection>